@article{bernstein2014containers,
	title={Containers and cloud: From lxc to docker to kubernetes},
	author={Bernstein, David},
	journal={IEEE Cloud Computing},
	volume={1},
	number={3},
	pages={81--84},
	year={2014},
	publisher={IEEE}
}
@article{chandola2009anomaly,
	title={Anomaly detection: A survey},
	author={Chandola, Varun and Banerjee, Arindam and Kumar, Vipin},
	journal={ACM computing surveys (CSUR)},
	volume={41},
	number={3},
	pages={15},
	year={2009},
	publisher={ACM}
}
@inproceedings{liu2008isolation,
  title={Isolation forest},
  author={Liu, Fei Tony and Ting, Kai Ming and Zhou, Zhi-Hua},
  booktitle={Data Mining, 2008. ICDM'08. Eighth IEEE International Conference on},
  pages={413--422},
  year={2008},
  organization={IEEE}
}
@article{zaharia2010spark,
	title={Spark: Cluster computing with working sets.},
	author={Zaharia, Matei and Chowdhury, Mosharaf and Franklin, Michael J and Shenker, Scott and Stoica, Ion},
	journal={HotCloud},
	volume={10},
	number={10-10},
	pages={95},
	year={2010}
}